% This is the bib tex for this seminar

@book{madden2007study,
  title={The study of plant disease epidemics},
  author={Madden, Laurence V and Hughes, Gareth and Van den Bosch, Frank},
  year={2007},
  publisher={American Phytopathological Society St Paul, MN}
}

@book{schutt2013doing,
  title={Doing Data Science: Straight Talk from the Frontline},
  author={Schutt, Rachel and O'Neil, Cathy},
  year={2013},
  publisher={" O'Reilly Media, Inc."}
}